<record><leader>00000cas a22000007a 4500</leader><controlfield tag="001">10422903</controlfield><controlfield tag="008">840216d1863187uctuwr ne      0    0eng d</controlfield><datafield ind1=" " ind2=" " tag="010"><subfield code="a">sn 84022389 </subfield></datafield><datafield ind1=" " ind2=" " tag="040"><subfield code="a">NPX</subfield><subfield code="b">eng</subfield><subfield code="c">NPX</subfield><subfield code="d">CNW</subfield><subfield code="d">OCL</subfield><subfield code="d">CNW</subfield><subfield code="d">OCLCQ</subfield><subfield code="d">OCLCF</subfield><subfield code="d">OCLCO</subfield></datafield><datafield ind1="1" ind2=" " tag="029"><subfield code="a">AU@</subfield><subfield code="b">000020228137</subfield></datafield><datafield ind1=" " ind2=" " tag="042"><subfield code="a">msc</subfield></datafield><datafield ind1=" " ind2=" " tag="043"><subfield code="a">n-us-ct</subfield></datafield><datafield ind1="0" ind2="4" tag="245"><subfield code="a">The Elm leaf.</subfield></datafield><datafield ind1=" " ind2=" " tag="260"><subfield code="a">East Hartford, Conn. :</subfield><subfield code="b">[s.n.]</subfield></datafield><datafield ind1=" " ind2=" " tag="300"><subfield code="a">v.</subfield></datafield><datafield ind1=" " ind2=" " tag="310"><subfield code="a">Weekly,</subfield><subfield code="b">&lt;Dec. 1870&gt;-</subfield></datafield><datafield ind1=" " ind2=" " tag="321"><subfield code="a">Monthly,</subfield><subfield code="b">May-Oct. 1863</subfield></datafield><datafield ind1=" " ind2=" " tag="321"><subfield code="a">Semimonthly,</subfield><subfield code="b">Jan. 1864-&lt;Sept. 1865&gt;</subfield></datafield><datafield ind1=" " ind2=" " tag="321"><subfield code="a">Monthly,</subfield><subfield code="b">&lt;Oct. 1870&gt;</subfield></datafield><datafield ind1="0" ind2=" " tag="362"><subfield code="a">Vol. 1, no. 1 (May 18, 1863)-</subfield></datafield><datafield ind1=" " ind2=" " tag="500"><subfield code="a">Published in Hartford, Conn. &lt;Dec. 1870&gt;-</subfield></datafield><datafield ind1=" " ind2=" " tag="500"><subfield code="a">Issues for &lt;Jan. 1864&gt;- published by: Olmstead, Goodwin &amp; Wales. Publishers: L.N. Olmsted &amp; Co., &lt;1864&gt;; L.N. Olmsted, &lt;1864&gt;; A.S. Flint, &lt;1873-1876&gt;; Jepson &amp; Co., &lt;1876&gt;.</subfield></datafield><datafield ind1=" " ind2=" " tag="500"><subfield code="a">Editor: A.S. Flint, &lt;1872-1876&gt;.</subfield></datafield><datafield ind1=" " ind2=" " tag="515"><subfield code="a">Suspended with issue for Oct. 1863. Resumed with issue for Jan. 6, 1864. Suspended with issue for June 28, 1865. Resumed with issue for Sept. 6, 1865.</subfield></datafield><datafield ind1=" " ind2=" " tag="515"><subfield code="a">Vol. 6, no. 6 misnumbered as v. 5, no. 6. Vol. 6, nos. 12-22 omitted in numbering.</subfield></datafield><datafield ind1=" " ind2=" " tag="530"><subfield code="a">Also issued on microfilm from Connecticut State Library, Hartford, CT.</subfield></datafield><datafield ind1=" " ind2=" " tag="580"><subfield code="a">Other eds. available: Manchester times (Hartford, Conn.), and: Thompsonville gazette, and: Clarion (Hartford, Conn.), later Hartford clarion. Contents of July 8, 1876 issue are identical in all four newspapers.</subfield></datafield><datafield ind1=" " ind2="0" tag="651"><subfield code="a">East Hartford (Conn.)</subfield><subfield code="v">Newspapers.</subfield></datafield><datafield ind1=" " ind2="0" tag="651"><subfield code="a">Hartford County (Conn.)</subfield><subfield code="v">Newspapers.</subfield></datafield><datafield ind1=" " ind2="7" tag="655"><subfield code="a">Newspapers.</subfield><subfield code="2">fast</subfield><subfield code="0">(OCoLC)fst01423814</subfield></datafield><datafield ind1=" " ind2="7" tag="651"><subfield code="a">Connecticut</subfield><subfield code="z">East Hartford.</subfield><subfield code="2">fast</subfield><subfield code="0">(OCoLC)fst01221872</subfield></datafield><datafield ind1=" " ind2="7" tag="651"><subfield code="a">Connecticut</subfield><subfield code="z">Hartford County.</subfield><subfield code="2">fast</subfield><subfield code="0">(OCoLC)fst01211874</subfield></datafield><datafield ind1="1" ind2=" " tag="700"><subfield code="a">Flint, Alvin S.</subfield></datafield><datafield ind1=" " ind2=" " tag="752"><subfield code="a">United States</subfield><subfield code="b">Connecticut</subfield><subfield code="c">Hartford</subfield><subfield code="d">Hartford.</subfield></datafield><datafield ind1="1" ind2=" " tag="775"><subfield code="t">Clarion (Hartford, Conn.)</subfield><subfield code="w">(DLC)sn 84027739</subfield><subfield code="w">(OCoLC)11504417</subfield></datafield><datafield ind1="1" ind2=" " tag="775"><subfield code="t">Manchester times (Hartford, Conn.)</subfield><subfield code="w">(DLC)sn 84022390</subfield><subfield code="w">(OCoLC)10422865</subfield></datafield><datafield ind1="1" ind2=" " tag="775"><subfield code="t">Thompsonville gazette</subfield><subfield code="w">(DLC)sn 84022404</subfield><subfield code="w">(OCoLC)10422947</subfield></datafield><datafield ind1="1" ind2=" " tag="775"><subfield code="t">Hartford clarion</subfield><subfield code="w">(DLC)sn 84022479</subfield><subfield code="w">(OCoLC)10423090</subfield></datafield></record>